@misc{MF19,
    author={Fr√§nzle, Martin},
    title={{Course Assignment: Implementing a CSP Solver}},
    month={June},
    year=2019
}
